@book{Kopka,
title = {Latex : podrobný průvodce},
author = {{Kopka, Helmut}},
publisher = {Computer Press},
isbn = {80-7226-973-9},
year = {2004},
edition = {1},
}

@book{Gratzer,
title = {More math into LaTeX},
author = {{Grätzer, George A.}},
publisher = {Springer},
isbn = {978-0-387-32289-6},
year = {2007},
edition = {4},
}

@Misc{Printmag,
    author = {Printmag.com},
    title = {The Evolution of Typography: A Brief History},
    howpublished = {[online]},
    year = {2015},
    note = {[citované 19. 4. 2021]},
    url = {https://www.printmag.com/post/evolution-typography-history},
}

@Misc{wiki_tex,
    author = {Wikipedia.org},
    title = {TeX},
    howpublished = {[online]},
    year = {2014},
    note = {[citované 19. 4. 2021]},
    url = {https://sk.wikipedia.org/wiki/TeX},
}

@Misc{OpenWetWare,
    author = {OpenWetWare.org},
    title = {Word vs. LaTeX},
    howpublished = {[online]},
    year = {2009},
    note = {[citované 19. 4. 2021]},
    url = {https://openwetware.org/wiki/Word_vs._LaTeX},
}

@MastersThesis{Fabry,
	author = {Tomáš Fábry},
	title = {Sazba sekvenčních diagramů v prostředí LaTeX},
	school = {Masaryková univerzita. Fakulta informatiky. Aplikovaná informatika},
	year = {2011},
	type = {Bakalářská práce},
}

@MastersThesis{Fiala,
	author = {Jakub Fiala},
	title = {Korekce dle typografických pravidel
a jejich výuka},
	school = {Masaryková univerzita. Fakulta informatiky. Aplikovaná informatika},
	year = {2011},
	type = {Bakalářská práce},
}

@Article{typografia_1976,
    author = {{Polygrafický průmysl Praha}},
    title = {Typografia},
    journal = {časopis pro technické a společenské zájmy knihtiskařů},
    volume = {79},
    number = {5},
    year = {1976},
	ISSN = {0322-9068},
}

@Article{Simpson,
	author = {Simpson Olivia},
	title = {Algorithms Fit for Compilation?},
	journal = {Association for Computing Machinery, New York},
	volume = {20},
	number = {1},
	pages = {1--12},
	year = {2013},
	ISSN = {1528-4972},
}

@Article{Yaffe,
	author = {Yaffe Philip},
	title = {How to Use Presentation Slides to Best Effect},
	journal = {Association for Computing Machinery, New York},
	volume = {2008},
	number = {4},
	pages = {1--4},
	year = {2008},
	ISSN = {1530-2180},
}